@article{DBLP,
  author    = {Waldemar W. Koczkodaj and Ryszard Szwarc},
  title     = {On Axiomatization of Inconsistency Indicators in Pairwise Comparisons},
  journal   = {CoRR},
  volume    = {abs/1307.6272},
  year      = {2013},
  url       = {http://arxiv.org/abs/1307.6272},
  archivePrefix = {arXiv},
  eprint    = {1307.6272},
  timestamp = {Mon, 06 Nov 2017 12:14:00 +0100},
  biburl    = {https://dblp.org/rec/bib/journals/corr/KoczkodajS13},
  bibsource = {dblp computer science bibliography, https://dblp.org}
}
@ARTICLE{Pelaez2003,
  author = {, J.I., Lamata, M.T.},
  title = {{A} new measure of inconsistency for positive reciprocal matrices},
  journal = {Computer and Mathematics with Applications},
  year = {2003},
  volume = {46},
  pages = {pp 1839�1845},
  owner = {Dean},
  timestamp = {2013.04.02}
}
@ARTICLE{Cavallo2010,
  author = {Cavallo B. and D�Apuzzo L.},
  title = {{C}haracterizations of consistent pairwise comparison matrices 
	
	over abelian linearly ordered groups},
  journal = {International Journal of Intelligent Systems},
  year = {2010},
  volume = {25},
  pages = {pp 1035�1059},
  owner = {Dean},
  timestamp = {2013.04.02}
}
@ARTICLE{Barzilai1997,
  author = {Barzilai, J.},
  title = {{D}eriving {W}eights from {P}airwise {C}omparison {M}atrices},
  journal = {J. Oper. Res. Soc.},
  year = {1997},
  volume = {48(12)},
  pages = {1226-1232},
  owner = {qhtf},
  timestamp = {2012.07.29}
}
@ARTICLE{BDIP2012,
  author = {Benitez, J. and Delgado-Galvan, X. and Izquierdo, J. and Perez-Garcia,
	R.},
  title = {{I}mproving consistency in {AHP} decision-making processes},
  journal = {Applied Mathematics and Computation},
  year = {2012},
  volume = {219},
  pages = {2432--2441},
  owner = {FengLi},
  timestamp = {2013.02.04}
}
@ARTICLE{BFK2012,
  author = {Boz{\'o}ki, S. and F{\"u}l{\"o}p, J. and Koczkodaj, W. W.},
  title = {{A}n {LP}-based inconsistency monitoring of pairwise comparison matrices},
  journal = {Math. Comput. Modelling},
  year = {2011},
  volume = {54},
  pages = {789--793},
  owner = {FengLi},
  timestamp = {2013.02.04}
}
@ARTICLE{BR2008,
  author = {Boz{\'o}ki, S{\'a}ndor and Rapcs{\'a}k, Tam{\'a}s},
  title = {{O}n {S}aaty's and {K}oczkodaj's inconsistencies of pairwise comparison
	matrices},
  journal = {J. Global Optim.},
  year = {2008},
  volume = {42},
  pages = {157--175},
  owner = {FengLi},
  timestamp = {2013.02.04}
}
@ARTICLE{springerlink:10.1007/s10898-007-9236-z,
  author = {Bozoki, S., Rapcsak, T.},
  title = {{O}n {S}aaty's and {K}oczkodaj's inconsistencies of pairwise comparison
	matrices},
  journal = {Journal of Global Optimization},
  year = {2008},
  volume = {42},
  pages = {157-175},
  note = {10.1007/s10898-007-9236-z},
  affiliation = {Hungarian Academy of Sciences Computer and Automation Research Institute
	Budapest Hungary},
  issn = {0925-5001},
  issue = {2},
  keyword = {Business and Economics},
  owner = {Dean},
  publisher = {Springer Netherlands},
  timestamp = {2013.03.02},
  url = {http://dx.doi.org/10.1007/s10898-007-9236-z}
}
@ARTICLE{Bozoki2008,
  author = {Bozoki, S and Rapcsak, T.},
  title = {{O}n {S}aaty's and {K}oczkodaj's inconsistencies of pairwise comparison
	matrices},
  journal = {J. of Global Optimization},
  year = {2008},
  volume = {42},
  pages = {157--175},
  month = {October},
  acmid = {1410415},
  address = {Hingham, MA, USA},
  doi = {10.1007/s10898-007-9236-z},
  issn = {0925-5001},
  issue = {2},
  keywords = {Inconsistency, Inconsistency index, Pairwise comparison matrix, Randomly
	generated pairwise comparison matrix},
  numpages = {19},
  publisher = {Kluwer Academic Publishers},
  url = {http://dl.acm.org/citation.cfm?id=1410408.1410415}
}
@ARTICLE{Fulop2012,
  author = {J{\'a}ndor F{\"u}l{\"o}p and Waldemar W. Koczkodaj and S. J. Szarek},
  title = {{O}n some convexity properties of the {L}east {S}quares {M}ethod
	for pairwise comparisons matrices without the reciprocity condition},
  journal = {J. Global Optimization},
  year = {2012},
  volume = {54},
  pages = {689-706},
  number = {4},
  bibsource = {DBLP, http://dblp.uni-trier.de},
  ee = {http://dx.doi.org/10.1007/s10898-011-9785-z},
  owner = {WKoczkodaj},
  timestamp = {2012.11.23}
}
@ARTICLE{Fedrizzi2007,
  author = {Fedrizzi, M., Giove, S.},
  title = {{I}ncomplete pairwise comparisons and consistency optimization},
  journal = {European Journal of Operational Research},
  year = {2007},
  volume = {183},
  pages = {pp 303�313},
  owner = {Dean},
  timestamp = {2013.04.02}
}
@ARTICLE{Herman1996,
  author = {Michael W. Herman and Waldemar W. Koczkodaj},
  title = {{A} {M}onte {C}arlo {S}tudy of {P}arwise {C}omparison},
  journal = {Inf. Process. Lett.},
  year = {1996},
  volume = {57},
  pages = {25-29},
  number = {1},
  bibsource = {DBLP, http://dblp.uni-trier.de},
  ee = {http://dx.doi.org/10.1016/0020-0190(95)00185-9},
  owner = {WKoczkodaj},
  timestamp = {2012.11.23}
}
@ARTICLE{Holsztynski1996a,
  author = {Holsztynski, W., Koczkodaj, W. W.},
  title = {{C}onvergence of {I}nconsistency {A}lgorithms for the
	
	{P}airwise {C}omparisons},
  journal = {IPL},
  year = {1996},
  volume = {59(4)},
  pages = {197�202},
  owner = {qhtf},
  timestamp = {2012.08.02}
}
@ARTICLE{Howard1973,
  author = {Howard, R. B., Wagner, M., \& Mills, R. C.},
  title = {{T}he superiority of the pair-comparisons method for
	
	scaling visual illusions.},
  journal = {Perception and Psychophysics},
  year = {1973},
  volume = {13},
  pages = {pp 507-512.},
  owner = {Dean},
  timestamp = {2013.03.27}
}
@ARTICLE{Barzilai1998,
  author = {Barzilai J},
  title = {{C}onsistency measures for pairwise comparison matrices},
  journal = {J. Multi-Crit. Decis. Anal.},
  year = {1998},
  volume = {7},
  pages = {pp 123�132},
  owner = {Dean},
  timestamp = {2013.04.02}
}
@ARTICLE{FKS2010,
  author = {J. Fulop, W.W. Koczkodaj, and S.J. Szarek},
  title = {{A} {D}ifferent {P}erspective on a {S}cale for {P}airwise {C}omparisons},
  journal = {Springer-Verlag Berlin Heidelberg 2010},
  year = {2010},
  pages = {pp. 71�84},
  owner = {Dean},
  timestamp = {2013.03.10}
}
@BOOK{Jain1988,
  title = {{A}lgorithms for clustering data},
  publisher = {Prentice-Hall, Inc.},
  year = {1988},
  author = {Jain, K. and Dubes, C.},
  address = {Upper Saddle River, NJ, USA},
  isbn = {0-13-022278-X},
  owner = {Dean},
  timestamp = {2013.03.02}
}
@ARTICLE{James1978,
  author = {James B. Rounds, Jr., Thomas W. Miller, and Rene V. Dawis},
  title = {{C}omparability of {M}ultiple {R}ank {O}rder and {P}aired {C}omparison
	{M}ethods},
  journal = {APPLIED PSYCHOLOGICAL MEASUREMENT},
  year = {1978},
  volume = {Vol. 2, No. 3},
  pages = {pp. 413-420},
  owner = {Dean},
  timestamp = {2013.03.27}
}
@ARTICLE{Jaroslav2009,
  author = {Jaroslav Ram�k* , Petr Korviny},
  title = {{I}nconsistency of pair-wise comparison matrix with fuzzy elements
	based on geometric mean},
  year = {2009},
  owner = {qhtf},
  timestamp = {2012.07.14}
}
@ARTICLE{Koczkodaj1999,
  author = {Koczkodaj, W.},
  title = {{T}esting the {A}ccuracy {E}nhancement of {P}airwise {C}omparisons
	by a {M}onte {C}arlo {E}xperiment},
  journal = {Journal of Statistical Planning and Inference},
  year = {1999},
  volume = {69(1)},
  pages = {21�32.},
  owner = {Mohammed},
  timestamp = {2012.02.06}
}
@ARTICLE{Koczkodaj1996,
  author = {Koczkodaj, W.},
  title = {{S}tatistically {A}ccurate {E}vidence of {I}mproved {E}rror {R}ate
	by {P}airwise {C}omparisons},
  journal = {Perceptual and Motor Skills},
  year = {1996},
  volume = {82},
  pages = {43-48},
  owner = {Mohammed},
  timestamp = {2011.11.29}
}
@ARTICLE{Koczkodaj1993,
  author = {Koczkodaj, W.},
  title = {{A} new definition of consistency of pairwise comparisons},
  journal = {Mathematical and Computer Modelling},
  year = {1993},
  volume = {(18)7},
  pages = {79-84},
  owner = {Mohammed},
  timestamp = {2011.06.23}
}
@INPROCEEDINGS{Koczkodaj1997,
  author = {Koczkodaj, W. and Herman, M. and Orlowski, M.},
  title = {{U}sing consistency-driven pairwise comparisons in knowledge-based
	systems},
  booktitle = {Proceedings of the sixth international conference on Information
	and knowledge management},
  year = {1997},
  series = {CIKM '97},
  pages = {91--96},
  address = {New York, NY, USA},
  publisher = {ACM},
  acmid = {266867},
  doi = {http://doi.acm.org/10.1145/266714.266867},
  isbn = {0-89791-970-X},
  location = {Las Vegas, Nevada, United States},
  numpages = {6},
  owner = {Dean},
  timestamp = {2013.03.02},
  url = {http://doi.acm.org/10.1145/266714.266867}
}
@ARTICLE{Koczkodaj2009a,
  author = {Koczkodaj, W. and LeBrasseur, R. and Wassilew, A. and Tadeusziewicz,
	R},
  title = {{A}bout {B}usiness {D}ecision {M}aking by a {C}onsistency-{D}riven
	{P}airwise {C}omparisons {M}ethod},
  journal = {Journal of Applied Computer Science},
  year = {2009},
  owner = {Mohammed},
  timestamp = {2011.06.23}
}
@ARTICLE{Koczkodaj2010,
  author = {Koczkodaj, W. and Szarek, S.},
  title = {{O}n distance-based inconsistency reduction algorithms for pairwise
	comparisons},
  journal = {Logic Journal of the IGPL},
  year = {2010},
  volume = {18(6)},
  pages = {859-869},
  owner = {Mohammed},
  timestamp = {2011.06.23}
}
@ARTICLE{Koczkodaj1999b,
  author = {Waldemar W. Koczkodaj and Michael W. Herman and Marian Orlowski},
  title = {{M}anaging {N}ull {E}ntries in {P}airwise {C}omparisons},
  journal = {Knowl. Inf. Syst.},
  year = {1999},
  volume = {1},
  pages = {119-125},
  number = {1},
  bibsource = {DBLP, http://dblp.uni-trier.de},
  ee = {http://kais.mines.edu/$\sim$kais/WWW/Vol-1-1-abstracts.shtml\#W115},
  owner = {WKoczkodaj},
  timestamp = {2012.11.23}
}
@ARTICLE{KoczkodajOrlowski1999,
  author = {Koczkodaj, W. W. and Orlowski M.},
  title = {{C}omputing a {C}onsistent {A}pproximation to a {G}eneralized
	
	{P}airwise {C}omparisons {M}atrix},
  journal = {Comput. Math. Appl.},
  year = {1999},
  volume = {37(3)},
  pages = {79�85},
  owner = {qhtf},
  timestamp = {2012.07.29}
}
@ARTICLE{Koczkodaj2010a,
  author = {Waldemar W. Koczkodaj and S. J. Szarek},
  title = {{O}n distance-based inconsistency reduction algorithms for pairwise
	comparisons},
  journal = {Logic Journal of the IGPL},
  year = {2010},
  volume = {18},
  pages = {859-869},
  number = {6},
  bibsource = {DBLP, http://dblp.uni-trier.de},
  ee = {http://dx.doi.org/10.1093/jigpal/jzp062},
  owner = {WKoczkodaj},
  timestamp = {2012.11.23}
}
@ARTICLE{Saaty1977,
  author = {Saaty, L.},
  title = {{A} {S}caling {M}ethod for {P}riorities in {H}ierarchical {S}tructures},
  journal = {Journal of Mathematical Psychology},
  year = {1977},
  volume = {15(3)},
  pages = {234-281},
  owner = {Mohammed},
  timestamp = {2011.06.23}
}
@ARTICLE{Koczkodaj2009b,
  author = {Waldemar W. Koczkodaj, Nicolas Robidoux, Ryszard Tadeusiewicz},
  title = {{C}lassifying visual objects with the consistency-driven
	
	pairwise comparisons method},
  journal = {Machine Graphics \& Vision},
  year = {2009},
  volume = {18},
  pages = {pp 143-154},
  owner = {Dean},
  timestamp = {2013.04.05}
}